@misc{noauthor_urrent_nodate,
	title = {OpenWeatherMap},
	url = {https://openweathermap.org/},
	urldate = {2022-05-02},
	journal = {Openweather API},
}

@misc{data_nyc_nodate,
	title = {NYC Open Data},
	url = {http://nycod-wpengine.com/},
	abstract = {NYC Open Data helps New Yorkers use and learn about City data},
	language = {en},
	urldate = {2022-05-02},
	journal = {Motor Vehicle Collisions - Crashes},
	author = {City of New York}
}

@article{santos_machine_2021,
	title = {Machine {Learning} {Approaches} to {Traffic} {Accident} {Analysis} and {Hotspot} {Prediction}},
	volume = {10},
	issn = {2073-431X},
	url = {https://www.mdpi.com/2073-431X/10/12/157},
	doi = {10.3390/computers10120157},
	language = {en},
	number = {12},
	urldate = {2022-05-02},
	journal = {Computers},
	author = {Santos, Daniel and Saias, José and Quaresma, Paulo and Nogueira, Vítor Beires},
	month = nov,
	year = {2021},
	pages = {157},
}

@article{yang_predicting_2022,
	title = {Predicting multiple types of traffic accident severity with explanations: {A} multi-task deep learning framework},
	volume = {146},
	issn = {0925-7535},
	shorttitle = {Predicting multiple types of traffic accident severity with explanations},
	url = {https://www.sciencedirect.com/science/article/pii/S0925753521003659},
	doi = {10.1016/j.ssci.2021.105522},
	language = {en},
	urldate = {2022-05-02},
	journal = {Safety Science},
	author = {Yang, Zekun and Zhang, Wenping and Feng, Juan},
	month = feb,
	year = {2022},
	keywords = {Deep learning, Traffic accident severity prediction, Explainable artificial intelligence, Machine learning},
	pages = {105522},
}

@article{assi_traffic_2020,
	title = {Traffic {Crash} {Severity} {Prediction}—{A} {Synergy} by {Hybrid} {Principal} {Component} {Analysis} and {Machine} {Learning} {Models}},
	volume = {17},
	issn = {1661-7827},
	url = {https://www.ncbi.nlm.nih.gov/pmc/articles/PMC7589286/},
	doi = {10.3390/ijerph17207598},
	number = {20},
	urldate = {2022-05-02},
	journal = {International Journal of Environmental Research and Public Health},
	author = {Assi, Khaled},
	month = oct,
	year = {2020},
	pmid = {33086567},
	pmcid = {PMC7589286},
	pages = {7598},
}

@misc{noauthor_road_nodate,
	title = {Road {Safety} {Facts}},
	url = {https://www.asirt.org/safe-travel/road-safety-facts/},
	language = {en-US},
	urldate = {2022-05-02},
	journal = {Association for Safe International Road Travel},
}
